% This file was created with JabRef 2.7b.
% Encoding: UTF-8

@INCOLLECTION{kuehn2014,
  author = {K\"{u}hn, Thomas and Leuth\"{a}user, Max and G\"{o}tz, Sebastian
	and Seidl, Christoph and A\ss{}mann, Uwe},
  title = {A Metamodel Family for Role-Based Modeling and Programming Languages},
  booktitle = {Software Language Engineering},
  publisher = {Springer},
  year = {2014},
  volume = {8706},
  series = {Lecture Notes in Computer Science},
  pages = {141-160},
  language = {English},
  owner = {thomas},
  timestamp = {2014.11.11}
}
